@misc{elec1601_notes,
  title = {ELEC1601 Canvas homepage},
  howpublished = {\url{https://canvas.sydney.edu.au/courses/44479/pages/exercise-1-in-simulation}},
  note = {Accessed: 12-08-2022}
}

@book{harris2010digital,
  added-at = {2021-01-17T10:59:52.000+0100},
  author = {Harris, David and Harris, Sarah},
  biburl = {https://www.bibsonomy.org/bibtex/2fde30adee80f98acae1896ca1f75224b/festplatte},
  interhash = {85cc0aead92935fda3e3775191a07252},
  intrahash = {fde30adee80f98acae1896ca1f75224b},
  keywords = {masterthesis word-embeddings},
  publisher = {Morgan Kaufmann},
  timestamp = {2021-01-17T10:59:52.000+0100},
  title = {Digital design and computer architecture},
  year = 2010
}